2758 4292
264 373 332 442 168
572 370 693 444 Rixas
720 369 941 444 Oxom'enses.

522 552 564 602 Ad
581 554 678 618 Corpus
694 553 787 604 Christi
805 552 878 604 flecto
894 569 1005 617 gressum

556 632 612 695 Qus
628 631 749 682 brevitate
765 646 868 697 possum

522 709 622 773 Jurcres
639 709 709 759 novis
726 709 823 776 probris
839 725 950 775 pressum

552 787 587 836 Et
603 787 698 837 furibus
714 787 862 837 confossum.

520 929 589 980 Hinc
604 930 707 980 domum
724 938 784 996 peto
800 931 953 981 Preoursoris

553 1008 633 1072 Quem
650 1009 719 1058 triste
735 1023 838 1073 passum
854 1009 933 1058 istum

522 1084 627 1136 Recenti
643 1092 742 1135 nunant
759 1085 784 1134 vi
801 1087 903 1136 tortoris

554 1163 667 1214 &cundo
685 1163 846 1214 decollatum.

293 1273 341 1338 (By
353 1274 512 1339 Archbishop
523 1273 615 1324 Laud's
625 1275 754 1326 execution
765 1274 800 1326 St
811 1273 900 1340 John’s
912 1275 987 1327 Head
998 1275 1048 1324 hed
1065 1277 1125 1325 been
1133 1281 1181 1352 ¹cut
1192 1275 1229 1325 od
1243 1293 1258 1326 s

259 1352 350 1400 second
361 1353 441 1412 time.)

522 1468 587 1518 Tem
604 1476 689 1520 sanem
705 1469 823 1520 Praeside
840 1470 944 1522 cudente

555 1547 680 1612 Discipuli
697 1547 829 1610 recedunt;

524 1626 557 1675 Et
574 1626 755 1676 cacodaemone
772 1633 871 1690 regente

554 1704 609 1755 Nec
624 1705 712 1754 bibunt
726 1705 779 1768 jam
796 1721 840 1754 nec
858 1706 940 1754 edunt.

523 1845 631 1895 Reverso
648 1846 724 1895 tristis
741 1847 815 1896 fertur
831 1861 900 1896 ossus

554 1924 589 1973 Et
605 1925 771 1974 miserandum
789 1940 861 1976 omen

522 2001 630 2068 Collegii
647 2003 687 2052 cui
704 2002 805 2052 Rubens
821 2018 894 2051 nasus

553 2080 615 2130 Prse
632 2079 725 2129 toribus
740 2081 784 2130 dut
799 2095 897 2138 nomen,

522 2223 648 2272 Dederunt
664 2222 702 2272 illi
719 2221 884 2286 Principalem

554 2300 672 2351 Rectores
688 2299 714 2349 hi
731 2301 809 2350 severi

521 2378 641 2428 Distortis
657 2377 737 2428 oculis
752 2383 777 2426 et
793 2376 892 2442 qualem

555 2456 653 2506 Netum
669 2455 723 2505 vult
740 2455 828 2506 caveri.

522 2599 584 2649 Mox
601 2598 675 2649 sedes
691 2598 786 2663 ingredi
803 2605 905 2647 conatus

554 2678 614 2726 Non
630 2691 738 2740 unquam
756 2682 913 2737 senescentes,
927 2673 1001 2738 (New
1018 2673 1133 2738 College)

522 2755 669 2818 Stupescens
686 2753 762 2803 audio
778 2754 882 2817 ejulatus

555 2832 688 2883 Horrenda
704 2833 866 2892 sustinentem

522 2974 597 3039 Quod
613 2974 686 3023 dulce
701 2989 779 3036 nuper
796 2972 952 3023 domicilium

554 3051 670 3116 Ingenuis
686 3051 782 3101 alendis

522 3131 596 3182 Nunc
612 3145 706 3180 merum
723 3136 758 3179 est
775 3129 925 3194 ergastulum

556 3209 672 3258 Innocuis
688 3207 836 3271 torquendis.

524 3352 566 3401 Ad
582 3351 680 3402 flentem
698 3366 738 3400 me
754 3350 847 3415 recipio
862 3350 962 3399 tendens

557 3429 632 3480 Ficus
648 3431 708 3494 ipse·
718 3429 886 3492 Mcgdilensrn

523 3509 557 3558 Et
573 3523 673 3571 gemens
689 3507 761 3557 video
777 3506 879 3557 eandem

556 3586 687 3635 vacuitate
703 3585 807 3650 plenam.
