2758 4292
395 671 524 720 emunxit
540 671 618 730 olim
633 674 707 723 video
722 683 821 738 pratum

427 749 503 812 Quod
519 750 623 799 derisum
639 752 702 816 tegit
717 769 826 816 gruum

430 1105 536 1155 Bodleio
552 1106 694 1167 fundatore,

396 1183 447 1233 Sed
462 1184 530 1232 intus
544 1191 598 1234 erut
613 1184 710 1234 nullum
727 1201 803 1251 pecus

429 1262 543 1327 Excepto
556 1261 680 1325 janitore:

396 1403 533 1468 Negleotos
549 1403 601 1453 vidi
618 1405 696 1455 horos
712 1407 813 1468 multos,

429 1481 507 1545 Quod
522 1482 626 1531 minime
641 1483 790 1541 mirandum.

396 1559 464 1609 Num
481 1561 546 1609 inter
562 1561 653 1609 bardos
668 1567 707 1610 tot
722 1569 749 1611 et
765 1564 855 1614 stultos

428 1636 530 1688 There's
546 1638 594 1688 lew
609 1638 684 1689 oould
699 1639 847 1691 uuderstund
864 1641 939 1692 them

395 1779 537 1828 Domenieo
552 1784 668 1844 sequente
683 1779 725 1831 die

427 1857 471 1906 Ad
486 1872 558 1906 sacru
574 1857 722 1909 celebranda

395 1935 438 1984 Ad
453 1935 527 1984 aedes
542 1949 652 2000 propero
668 1935 780 1997 Mariae;

427 2013 496 2062 Nam
512 2013 584 2062 divae
599 2029 649 2062 vox
665 2013 788 2075 nefuudu;

393 2154 527 2218 Ingremus,
544 2153 615 2202 sedes
630 2153 767 2204 senioribus

425 2231 531 2296 Togutis
547 2231 683 2282 destinatus

393 2311 516 2360 Videbam
531 2311 599 2361 cocis
614 2317 640 2359 et
655 2311 788 2362 sartoribus

425 2390 459 2438 Et
475 2389 532 2438 lixis
548 2395 711 2452 usurpatas-

391 2667 533 2734 Collegium
550 2667 611 2732 petii
627 2667 773 2730 animarum,

423 2748 498 2797 Nunc
514 2745 613 2812 proprie
629 2746 665 2796 sic
681 2745 786 2807 dictum,

390 2827 458 2875 Num
474 2841 556 2875 rerum
571 2825 613 2874 hic
630 2840 802 2888 corporearum

423 2904 474 2953 Vix
489 2904 621 2969 quiequam
637 2909 674 2952 est
691 2902 811 2954 relictum.

390 3045 442 3095 Hic
457 3060 549 3110 quaero
565 3046 644 3094 virum
661 3045 783 3095 suavitate

421 3123 573 3173 omnimoda
589 3122 712 3188 politum;

389 3201 544 3266 Responsum
560 3201 621 3250 alibi
638 3201 733 3265 ingrate

422 3279 558 3329 Custodem
575 3278 730 3330 custoditum

389 3423 527 3474 Ecclesiam
543 3421 637 3473 Christi
653 3435 741 3487 susque
757 3422 836 3488 deque

419 3502 546 3566 Juotatum
561 3515 621 3550 mox
636 3507 661 3550 et
677 3515 772 3551 versam

389 3580 421 3630 Et
437 3578 551 3629 sobolem
567 3577 630 3629 heul
648 3578 723 3643 longe
739 3579 835 3645 lateque

421 3658 574 3723 Percipimue
589 3657 733 3722 dlspersnm.
